@article{:/content/aip/journal/chaos/23/4/10.1063/1.4826446,
   author = "Criado, Regino and García, Esther and Pedroche, Francisco and Romance, Miguel",
   title = "A new method for comparing rankings through complex networks: Model and analysis of competitiveness of major European soccer leagues",
   journal = "Chaos: An Interdisciplinary Journal of Nonlinear Science",
   year = "2013",
   volume = "23",
   number = "4", 
   eid = 043114,
   pages = "-",
   url = "http://scitation.aip.org/content/aip/journal/chaos/23/4/10.1063/1.4826446",
   doi = "http://dx.doi.org/10.1063/1.4826446" 
}

@article{journals/corr/CriadoGPR13a,
  added-at = {2013-11-04T00:00:00.000+0100},
  author = {Criado, Regino and Garcia, Esther and Pedroche, Francisco and Romance, Miguel},
  biburl = {http://www.bibsonomy.org/bibtex/2676c1a2ecf25ecb0364df320a5fc3894/dblp},
  ee = {http://arxiv.org/abs/1310.6921},
  interhash = {7b3466ed694981a4a50d95d00553ecf9},
  intrahash = {676c1a2ecf25ecb0364df320a5fc3894},
  journal = {CoRR},
  keywords = {dblp},
  timestamp = {2013-11-04T00:00:00.000+0100},
  title = {Comparing rankings by means of competitivity graphs: structural properties and computation.},
  url = {http://dblp.uni-trier.de/db/journals/corr/corr1310.html#CriadoGPR13a},
  volume = {abs/1310.6921},
  year = 2013
}

@book{langville2012s,
  title={Who's \#1?: The Science of Rating and Ranking},
  author={Langville, A.N. and Meyer, C.D.},
  isbn={9781400841677},
  year={2012},
  publisher={Princeton University Press}
}

@book{steeb2011nonlinear,
  title={The Nonlinear Workbook: Chaos, Fractals, Cellular Automata, Genetic Algorithms, Gene Expression Programming, Support Vector Machine, Wavelets, Hidden Markov Models, Fuzzy Logic with C++, Java and Symbolicc++ Programs},
  author={Steeb, W.H.},
  isbn={9789814335775},
  lccn={2011287068},
  url={http://books.google.es/books?id=0Jb9412yVGEC},
  year={2011},
  publisher={World Scientific}
}

@book{hillier2006introducción,
  title={Introducci{\'o}n a la investigaci{\'o}n de operaciones},
  author={Hillier, F.S. and Lieberman, G.J.},
  isbn={9789701056219},
  url={http://books.google.es/books?id=kDlIPQAACAAJ},
  year={2006},
  publisher={McGraw-Hill}
}

@book{diestel2006graph,
  title={Graph Theory},
  author={Diestel, R.},
  isbn={9783540261834},
  lccn={99057468},
  series={Electronic library of mathematics},
  year={2006},
  publisher={Springer}
}





