@book{langville2012s,
  title={Who's \#1?: The Science of Rating and Ranking},
  author={Langville, A.N. and Meyer, C.D.},
  isbn={9781400841677},
  year={2012},
  publisher={Princeton University Press}
}